@online{pydriller,
  author = {Davide Spadini},
  year = {2018}, 
  title = {pydriller},
  url = {https://github.com/ishepard/pydriller},
  urldate = {2018-06-26}
}
